%------------------Novas--------------------------

@book{buildingMicroservices,
    author = {Sam Newman},
    title = {S. Building Microservices: Designing Fine-Grained Systems},
    publisher = {O'Reilly},
    year = {2021}
}

@book{documentingArchitectures,
    author = {Paul Clements, Felix Bachmann and Len Bass},
    title = {Documenting Software Architectures: Views and Beyond},
    publisher = {Addison-Wesley Professional},
    year = {2010}
}

@techreport{microserviceAdoption,
    author = {Mike Loukides and Steve Swoyer},
    title = {Microservice Adoption},
    institution = {O'Reilly},
    year = {2020}
}

@book{evans2004ddd,
  added-at = {2008-01-21T10:45:29.000+0100},
  author = {Evans, Eric},
  biburl = {https://www.bibsonomy.org/bibtex/2b613dcc2b969d6659bf549defb6f8dae/juve},
  interhash = {687d2fb811c16a1c446815bbfae35b8d},
  intrahash = {b613dcc2b969d6659bf549defb6f8dae},
  keywords = {ddd design domain driven dsl fluent interface},
  publisher = {Addison-Wesley},
  timestamp = {2008-01-21T10:45:29.000+0100},
  title = {Domain-Driven Design: Tackling Complexity in the Heart of Software},
  year = 2004
}

@book{tanenbaum2010sistemas,
  title={Sistemas operacionais modernos},
  author={Tanenbaum, A.S.},
  isbn={9788576052371},
  url={https://books.google.com.br/books?id=nDatQwAACAAJ},
  year={2010},
  publisher={Prentice-Hall do Brasil}
}


@article{netflixMigration,
  title={Completing the Netflix Cloud Migration},
  author={Yury Izrailevsky, Stevan Vlaovic and Ruslan Meshenberg},
  publisher={Netflix Tech Blog},
  year={2014}
}

@article{amazonBackMigration,
  title={Scaling up the Prime Video audio/video monitoring service and reducing costs by 90%},
  author={Marcin Kolny},
  publisher={Prime Video Tech},
  year=2023
}

@article{microservices,
  title={Microservice},
  author={Martin Fowler and James Lewis},
  year=2014
}

@article{dddFowler,
  title={DomainDrivenDesign},
  author={Martin Fowler},
  year=2020
}

@article{architectureFowler,
  title={Software Architecture Guide},
  author={Martin Fowler},
  year=2019
}

@conference{understandingSOA,
    title = {Understanding Service-Oriented Architecture},
    author = {David Prott and Lawrence Wikes},
    publisher = {CDBI Forum},
    year = 2009
}

@article{Aksakalli2021,
	author = {Karabey Aksakalli, Işıl and Çelik, Turgay and Can, Ahmet Burak and Teki̇nerdoğan, Bedir},
	title = {Deployment and communication patterns in microservice architectures: A systematic literature review},
	year = {2021},
	journal = {Journal of Systems and Software},
	volume = {180},
	doi = {10.1016/j.jss.2021.111014},
	url = {https://www.scopus.com/inward/record.uri?eid=2-s2.0-85107980615&doi=10.1016%2fj.jss.2021.111014&partnerID=40&md5=a73a7665ad3e19645a696989928f2fdb},
	type = {Article},
	publication_stage = {Final},
	source = {Scopus},
	note = {Cited by: 20}
}

@book{aragao2013java,
  title={JAVA E PROGRAMA{\c{C}}{\~A}O ORIENTADA A OBJETOS: uma abordagem did{\'a}tica: Java, Programa{\c{c}}{\~a}o Orientada a Objetos, Programa{\c{c}}{\~a}o, Orienta{\c{c}}{\~a}o a Objetos},
  author={ARAG{\~A}O, H.G.},
  isbn={9788591355815},
  url={https://books.google.com.br/books?id=3LZDAgAAQBAJ},
  year={2013},
  publisher={Helder Guimar{\~a}es Arag{\~a}o}
}

@book{booch2006,
  author = {Booch, Grady},
  biburl = {https://www.bibsonomy.org/bibtex/263aa438a39b2acaf1a4a98dd24461ac9/talli},
  interhash = {00c59c72e2569a8a7b53d971dda44208},
  intrahash = {63aa438a39b2acaf1a4a98dd24461ac9},
  keywords = {imported},
  publisher = {Pearson Education India},
  timestamp = {2015-03-06T17:06:43.000+0100},
  title = {Object Oriented Analysis \& Design with Application},
  url = {http://kmvportal.co.in/Course/OOAD/object-oriented-analysis-and-design-with-applications-2nd-edition.pdf},
  year = 2006
}

@book{richardson2018microservices,
  title={Microservices Patterns: With examples in Java},
  author={Richardson, C.},
  isbn={9781617294549},
  lccn={2018289404},
  url={https://books.google.com.br/books?id=UeK1swEACAAJ},
  year={2018},
  publisher={Manning}
}

@article{Parnas2012,
author = "David Lorge. Parnas",
title = "{Information distribution aspects of design methodology}",
year = "2012",
month = "3",
url = "https://kilthub.cmu.edu/articles/journal_contribution/Information_distribution_aspects_of_design_methodology/6606470",
doi = "10.1184/R1/6606470.v1"
}

@book{Yourdon1979,
author = {Yourdon, Edward and Constantine, Larry L.},
title = {Structured Design: Fundamentals of a Discipline of Computer Program and Systems Design},
year = {1979},
isbn = {0138544719},
publisher = {Prentice-Hall, Inc.},
address = {USA},
edition = {1st},
abstract = {From the Publisher:A valuable new approach to computer systems and program design, structured design is quickly becoming the standard industrial technique for significantly improving productivity, enhancing reliability, and lowering maintenance costs.}
}

@article{cockburn2005,
  title={Hexagonal architecture},
  author={Alistair Cockburn},
  publisher={Netflix Tech Blog},
  year={2005}
}

@article{ma20221285,
	author = {Ma, Shang-Pin and Li, Chia-Yu and Lee, Wen-Tin and Lee, Shin-Jie},
	title = {Microservice Migration Using Strangler Fig Pattern and Domain-Driven Design},
	year = {2022},
	journal = {Journal of Information Science and Engineering},
	url = {https://www.scopus.com/inward/record.uri?eid=2-s2.0-85144142091&doi=10.6688%2fJISE.202211_38%286%29.0010&partnerID=40&md5=42dc871f0666914cdc97a24036f96ce5}
}

@conference{Rademacher2018,
	author = {Rademacher, Florian and Sorgalla, Jonas and Wizenty, Philip Nils and Sachweh, Sabine and Zündorf, Albert},
	title = {Microservice architecture and model-driven development: Yet singles, Soon Married (?)},
	year = {2018},
	journal = {ACM International Conference Proceeding Series},
	url = {https://www.scopus.com/inward/record.uri?eid=2-s2.0-85058570602&doi=10.1145%2f3234152.3234193&partnerID=40&md5=088f5f1637910b22bb2e80c4a0035195}
}

@article{Vural202132721,
	author = {Vural, Hulya and Koyuncu, Murat},
	title = {Does Domain-Driven Design Lead to Finding the Optimal Modularity of a Microservice?},
	year = {2021},
	journal = {IEEE Access},
	url = {https://www.scopus.com/inward/record.uri?eid=2-s2.0-85111946709&doi=10.1109%2fACCESS.2021.3060895&partnerID=40&md5=351dd180169e50554e74049eb7d71c18}
}

@conference{Merson20207,
	author = {Merson, Paulo and Yoder, Joseph},
	title = {Modeling Microservices with DDD},
	year = {2020},
	journal = {Proceedings - 2020 IEEE International Conference on Software Architecture Companion, ICSA-C 2020},
	url = {https://www.scopus.com/inward/record.uri?eid=2-s2.0-85085748453&doi=10.1109%2fICSA-C50368.2020.00010&partnerID=40&md5=0653c03a1e47ca80481ed652890b314c}
}

@conference{Farsi2021,
	author = {Farsi, Hassan and Allaki, Driss and En-Nouaary, Abdeslam and Dahchour, Mohamed},
	title = {Following Domain Driven Design principles for Microservices decomposition: Is it enough?},
	year = {2021},
	journal = {Proceedings of IEEE/ACS International Conference on Computer Systems and Applications, AICCSA},
	url = {https://www.scopus.com/inward/record.uri?eid=2-s2.0-85125661319&doi=10.1109%2fAICCSA53542.2021.9686947&partnerID=40&md5=722f2e36999e79af62e01002a0251206}
}

@conference{Diepenbrock20171777,
	author = {Diepenbrock, Andreas and Rademacher, Florian and Sachweh, Sabine},
	title = {An Ontology-based Approach for Domain-driven Design of Microservice Architectures},
	year = {2017},
	journal = {Lecture Notes in Informatics (LNI), Proceedings - Series of the Gesellschaft fur Informatik (GI)},
	url = {https://www.scopus.com/inward/record.uri?eid=2-s2.0-85083245566&doi=10.18420%2fin2017_177&partnerID=40&md5=011546174a451e1af30742079d4bee6b}
}

@article{Rademacher201836,
	author = {Rademacher, Florian and Sorgalla, Jonas and Sachweh, Sabine},
	title = {Challenges of domain-driven microservice design: A model-driven perspective},
	year = {2018},
	journal = {IEEE Software},
	url = {https://www.scopus.com/inward/record.uri?eid=2-s2.0-85046890847&doi=10.1109%2fMS.2018.2141028&partnerID=40&md5=1cc57dbf003187e5680636f9c56a779a}
}

@conference{Petrasch2017,
	author = {Petrasch, Roland},
	title = {Model-based engineering for microservice architectures using Enterprise Integration Patterns for inter-service communication},
	year = {2017},
	journal = {Proceedings of the 2017 14th International Joint Conference on Computer Science and Software Engineering, JCSSE 2017},
	url = {https://www.scopus.com/inward/record.uri?eid=2-s2.0-85031757791&doi=10.1109%2fJCSSE.2017.8025912&partnerID=40&md5=aea02d9b1ca05f568a51982748d9bb3e}
}

@conference{Singjai2021,
	author = {Singjai, Apitchaka and Zdun, Uwe and Zimmermann, Olaf and Pautasso, Cesare},
	title = {Patterns on Deriving APIs and their Endpoints from Domain Models},
	year = {2021},
	journal = {ACM International Conference Proceeding Series},
	url = {https://www.scopus.com/inward/record.uri?eid=2-s2.0-85123784790&doi=10.1145%2f3489449.3489976&partnerID=40&md5=2eaabb15a62d4093d97f7f8b0cdad0c0}
}

@article{Ozkan2023,
	author = {Özkan, Ozan and Babur, Önder and van den Brand, Mark},
	title = {Refactoring with domain-driven design in an industrial context: An action research report},
	year = {2023},
	journal = {Empirical Software Engineering},
	url = {https://www.scopus.com/inward/record.uri?eid=2-s2.0-85161920562&doi=10.1007%2fs10664-023-10310-1&partnerID=40&md5=fa5a16613281a3184bf1dfe64f434d5e}
}

@conference{Yale20171856,
	author = {Yale, Yu and Silveira, Haydn and Sundaram, Max},
	title = {A microservice based reference architecture model in the context of enterprise architecture},
	year = {2017},
	journal = {Proceedings of 2016 IEEE Advanced Information Management, Communicates, Electronic and Automation Control Conference, IMCEC 2016},
	url = {https://www.scopus.com/inward/record.uri?eid=2-s2.0-85016732570&doi=10.1109%2fIMCEC.2016.7867539&partnerID=40&md5=ff4d39cf614f3b0c27af9cda1cad7404}
}

@conference{Zhang2022310,
	author = {Zhang, Kun and Tian, Ji and Yuan, Qin and Han, Jing},
	title = {Design of Domain-driven Microservices-based Software Talent Evaluation and Recommendation System},
	year = {2022},
	journal = {Proceedings - 2022 3rd International Conference on Education, Knowledge and Information Management, ICEKIM 2022},
	url = {https://www.scopus.com/inward/record.uri?eid=2-s2.0-85147898540&doi=10.1109%2fICEKIM55072.2022.00076&partnerID=40&md5=f8f586b54951b8590e148a289f1125b6}
}

@conference{Joselyne201843,
	author = {Josélyne, Munezero Immaculée and Tuheirwe-Mukasa, Doreen and Kanagwa, Benjamin and Balikuddembe, Joseph},
	title = {Partitioning microservices: A domain engineering approach},
	year = {2018},
	journal = {Proceedings - International Conference on Software Engineering},
	url = {https://www.scopus.com/inward/record.uri?eid=2-s2.0-85051527248&doi=10.1145%2f3195528.3195535&partnerID=40&md5=c34c5ca0054ee0eb41a5d11cbc6b22ff}
}

@conference{Singjai202125,
	author = {Singjai, Apitchaka and Zdun, Uwe and Zimmermann, Olaf},
	title = {Practitioner Views on the Interrelation of Microservice APIs and Domain-Driven Design: A Grey Literature Study Based on Grounded Theory},
	year = {2021},
	journal = {Proceedings - IEEE 18th International Conference on Software Architecture, ICSA 2021},
	url = {https://www.scopus.com/inward/record.uri?eid=2-s2.0-85106968487&doi=10.1109%2fICSA51549.2021.00011&partnerID=40&md5=476a80ff6c833f8671930c4a98147cea}
}

@conference{Joselyne2021,
	author = {Joselyne, Munezero Immaculee and Bajpai, Gaurav and Nzanywayingoma, Frederic},
	title = {A Systematic Framework of Application Modernization to Microservice based Architecture},
	year = {2021},
	journal = {7th International Conference on Engineering and Emerging Technologies, ICEET 2021},
	url = {https://www.scopus.com/inward/record.uri?eid=2-s2.0-85124674237&doi=10.1109%2fICEET53442.2021.9659783&partnerID=40&md5=e1f9d6287b6b78cf93f96286a4a7f402}
}

@conference{Kapferer2020299,
	author = {Kapferer, Stefan and Zimmermann, Olaf},
	title = {Domain-specific language and tools for strategic domain-driven design, context mapping and bounded context modeling},
	year = {2020},
	journal = {MODELSWARD 2020 - Proceedings of the 8th International Conference on Model-Driven Engineering and Software Development},
	url = {https://www.scopus.com/inward/record.uri?eid=2-s2.0-85082984325&partnerID=40&md5=364b5b1e485f3396de84ac9a1c86e435}
}

@book{gomes2014agile,
  title     = {Agile: Desenvolvimento de software com entregas frequentes e foco no valor de neg{\'o}cio},
  author    = {Gomes, A.F.},
  isbn      = {9788566250992},
  url       = {https://books.google.com.br/books?id=zHCCCwAAQBAJ},
  year      = {2014},
  publisher = {Casa do C{\'o}digo}
}

@online{astahUml,
  title={Astah UML},
  url={https://astah.net/products/astah-uml/},
  organization={Change Vision},
  year      = {2023}
}

@online{c4Model,
  title        = {C4 Model},
  url          = {https://c4model.com/},
  author = {Simon Brown},
  year      = {2023}
}

@online{java, 
  title={Java},
  url={https://www.java.com/pt-BR/},
  organization={Oracle},
  year      = {2024}
}

@online{junit,
  title={JUnit},
  url={https://junit.org/junit5/},
  organization={JUnit},
  year      = {2024}
}

@online{gatling,
  title={Gatling},
  url={https://gatling.io/},
  organization={Gatling},
  year      = {2024}
}

@online{springBoot,
	title={Spring Boot},
  	url={https://docs.spring.io/spring-boot/docs/current/reference/htmlsingle/#getting-started.introducing-spring-boot},
  	organization={Pivotal Software},
  	year      = {2023}
}

@online{postgreSql,
	title={PostgreSQL},
  	url={https://www.postgresql.org/},
  	organization={PostgreSQL Global Development Group},
	year      = {2023}
}

@online{dynamoDb,
	title={DynamoDB},
  	url={https://aws.amazon.com/pt/dynamodb/},
  	organization={Amazon Web Services},
	year      = {2023}
}

@online{amazonSqs,
	title={Amazon SQS},
  	url={https://aws.amazon.com/pt/sqs/},
  	organization={Amazon Web Services},
	year      = {2023}
}

@online{amazonSns,
  title        = {Amazon SNS},
  url          = {https://aws.amazon.com/pt/sns/},
  organization = {Amazon Web Services},
  year         = {2023}
}

@book{barauna2020tdd,
  title     = {TDD e BDD na prática: Construa aplicações Ruby usando RSpec e Cucumber},
  author    = {Barauna, H. and Hardardt, P.},
  isbn      = {9786586110302},
  url       = {https://books.google.com.br/books?id=lsb2DwAAQBAJ},
  year      = {2020},
  publisher = {Casa do Código}
}

@online{aws,
	title={Amazon Web Services},
  	url={https://aws.amazon.com/pt/},
  	organization={Amazon Web Services},
	year      = {2023}
}

@online{docker,
	title={Docker},
  	url={https://www.docker.com/},
  	organization={Docker},
	year      = {2023}
}

@online{amazonEcs,
	title={Amazon ECS},
  	url={https://aws.amazon.com/pt/ecs/},
  	organization={Amazon Web Services},
	year      = {2023}
}

@online{terraform,
	title={Terraform},
  	url={https://www.terraform.io/},
  	organization={HashiCorp},
	year      = {2023}
}